%% This BibTeX bibliography file was created using BibDesk.
%% http://bibdesk.sourceforge.net/


%% Created for Orpine at 2015-12-05 23:50:10 +0800 


%% Saved with string encoding Unicode (UTF-8) 


@inproceedings{girshickICCV15fastrcnn,
    Author = {Ross Girshick},
    Title = {Fast R-CNN},
    Booktitle = {International Conference on Computer Vision ({ICCV})},
    Year = {2015}
}


@article{ren2015faster,
	Author = {Ren, Shaoqing and He, Kaiming and Girshick, Ross and Sun, Jian},
	Date-Added = {2015-12-05 15:49:11 +0000},
	Date-Modified = {2015-12-05 15:49:11 +0000},
	Journal = {arXiv preprint arXiv:1506.01497},
	Title = {Faster R-CNN: Towards real-time object detection with region proposal networks},
	Year = {2015}}

@incollection{he2014spatial,
	Author = {He, Kaiming and Zhang, Xiangyu and Ren, Shaoqing and Sun, Jian},
	Booktitle = {Computer Vision--ECCV 2014},
	Date-Added = {2015-12-05 15:45:53 +0000},
	Date-Modified = {2015-12-05 15:45:53 +0000},
	Pages = {346--361},
	Publisher = {Springer},
	Title = {Spatial pyramid pooling in deep convolutional networks for visual recognition},
	Year = {2014}}

@inproceedings{krizhevsky2012imagenet,
	Author = {Krizhevsky, Alex and Sutskever, Ilya and Hinton, Geoffrey E},
	Booktitle = {Advances in neural information processing systems},
	Date-Added = {2015-12-05 15:33:56 +0000},
	Date-Modified = {2015-12-05 15:33:56 +0000},
	Pages = {1097--1105},
	Title = {Imagenet classification with deep convolutional neural networks},
	Year = {2012}}

@article{lecun1989backpropagation,
	Author = {LeCun, Yann and Boser, Bernhard and Denker, John S and Henderson, Donnie and Howard, Richard E and Hubbard, Wayne and Jackel, Lawrence D},
	Date-Added = {2015-12-05 15:30:17 +0000},
	Date-Modified = {2015-12-05 15:30:17 +0000},
	Journal = {Neural computation},
	Number = {4},
	Pages = {541--551},
	Publisher = {MIT Press},
	Title = {Backpropagation applied to handwritten zip code recognition},
	Volume = {1},
	Year = {1989}}

@inproceedings{fidler2013bottom,
	Author = {Fidler, Sanja and Mottaghi, Roozbeh and Urtasun, Raquel and others},
	Booktitle = {Computer Vision and Pattern Recognition (CVPR), 2013 IEEE Conference on},
	Date-Added = {2015-12-05 15:28:14 +0000},
	Date-Modified = {2015-12-05 15:28:14 +0000},
	Organization = {IEEE},
	Pages = {3294--3301},
	Title = {Bottom-up segmentation for top-down detection},
	Year = {2013}}

@inproceedings{girshick14CVPR,
	Author = {Girshick, Ross and Donahue, Jeff and Darrell, Trevor and Malik, Jitendra},
	Booktitle = {Computer Vision and Pattern Recognition},
	Title = {Rich feature hierarchies for accurate object detection and semantic segmentation},
	Year = {2014}}

@article{He2015,
    author = {Kaiming He and Xiangyu Zhang and Shaoqing Ren and Jian Sun},
    title = {Deep Residual Learning for Image Recognition},
    journal = {arXiv preprint arXiv:1512.03385},
    year = {2015}
}

@article{He2016,
        author = {Kaiming He and Xiangyu Zhang and Shaoqing Ren and Jian Sun},
        title = {Identity Mappings in Deep Residual Networks},
        journal = {arXiv preprint arXiv:1603.05027},
        year = {2016}
    }
    
    
    
@incollection{Zeiler:2014fr,
author = {Zeiler, Matthew D and Fergus, Rob},
title = {{Visualizing and Understanding Convolutional Networks}},
booktitle = {Computer Vision {\textendash} ECCV 2014},
year = {2014},
pages = {818--833},
publisher = {Springer International Publishing},
address = {Cham},
month = sep
}

@Article{Simonyan14c,
    author       = "Simonyan, K. and Zisserman, A.",
    title        = "Very Deep Convolutional Networks for Large-Scale Image Recognition",
    journal      = "CoRR",
    volume       = "abs/1409.1556",
    year         = "2014"
}


